@book{fundamentalism1,
    author = {George M. Marsden},
    title = {Fundamentalism and American Culture},
    year = {1939},
    publisher = {Oxford University Press},
    pages = {3--39}
}
@online{ChristianFundamentalism,
    title = {Christian Fundamentalism},
    publisher = {Patheos},
    year = {2008},
    url = {http://www.patheos.com/Library/Christian-Fundamentalism}
}
@article{RiseFundamentalism,
    title = {The Rise of Fundamentalism},
    author = {Wacker, Grant},
    year = {2000},
    month = {11},
    publisher = {Duke University Divinity School},
    journaltitle = {National Humanities Center}
}
@online{MonkeyTrial,
    title = {1925 Monkey Trial Begins},
    url = {http://www.history.com/this-day-in-history/monkey-trial-begins},
    publisher = {History Channel}
}
@online{clarence1,
    title = {Who Is Clarence Darrow?},
    url = {http://law2.umkc.edu/faculty/projects/ftrials/DARESY.HTM},
    author = {Douglas O. Linder},
    year = {1997},
    publisher = {University of Missouri-K.C.}
}
@article{law,
    title = {House Bill No. 185},
    author = {Butler, Mr.},
    year = {1925},
    journaltitle = {SIXTY - FOURTH GENERAL ASSEMBLY}
}
@article{repeal,
    title = {The Scopes Trial},
    author = {George E. Webb},
    journaltitle = {The Tennessee Encyclopedia of History and Culture},
    year = {2009},
    month = {12}
}
